@article{scott:prime-ideals,
  author = {Scott, D.},
  title = {{Prime ideal theorems for rings, lattices and Boolean algebras}},
  journal = {Bull. AMS},
  volume = {60},
  year = {1954},
  pages = {390}}

@article{hodges:krull,
  author = {Hodges, W.},
  title = {{Krull implies Zorn}},
  journal = {J. Lond. Math. Soc.},
  volume = {19},
  number = {2},
  pages = {285--287},
  year = {1979}}

@article{banaschewski:krull,
  author = {Banaschewski, B.},
  title = {{A new proof that `Krull implies Zorn'}},
  journal = {Math. Log. Quart.},
  volume = {40},
  number = {4},
  pages = {478--480},
  year = {1994}}

@article{erne:krull,
  author = {Erné, M.},
  title = {{A primrose path from Krull to Zorn}},
  journal = {Comment. Math. Univ. Carolin.},
  volume = {36},
  number = {1},
  year = {1995},
  pages = {123--126}}

@book{howard-rubin:ac,
  author = {Howard, P. and Rubin, J.},
  title = {Consequences of the Axiom of Choice},
  publisher = {AMS},
  series = {Math. Surveys Monogr.},
  year = {1998}}

@unpublished{shulman:set-theory,
  author = {Shulman, M.},
  title = {Set theory for category theory},
  year = {2008},
  url = {https://arxiv.org/abs/0810.1279}}

@inproceedings{feferman:set-foundations,
  author = {Feferman, S.},
  title = {Set-theoretical foundations of category theory},
  booktitle = {Reports of the Midwest Category Seminar~III},
  year = {1969},
  series = {Lecture Notes in Math.},
  volume = {106},
  publisher = {Springer},
  pages = {201--247}}

@article{goedel:ac-gch,
  author = {Gödel, K.},
  title = {The consistency of the axiom of choice and of the generalized continuum-hypothesis},
  journal = {Proc. Natl. Acad. Sci. USA},
  volume = {24},
  number = {12},
  year = {1938},
  pages = {556--557}}

@incollection{schoenfield:predicativity,
  author = {Schoenfield, J.},
  title = {The problem of predicativity},
  booktitle = {Essays on the Foundations of Mathematics},
  editor = {Bar-Hillel, Y. and Poznanski, E. and Rabin, M. and Robinson, A.},
  year = {1961},
  publisher = {Magnes},
  pages = {132--139}}

@inproceedings{blechschmidt-schuster:constructive-maximal-ideals,
  author = {Blechschmidt, I. and Schuster, P.},
  title = {Maximal ideals in countable rings, constructively},
  editor = {Berger, U. and Franklin, J.},
  booktitle = {Revolutions and Revelations in Computability. 18th Conference on Computability in Europe},
  note = {Proceedings, CiE 2022, Swansea, Wales, July 11--15, 2022},
  publisher = {Springer},
  series = {Lect.~Notes Comput.~Sci.}}

@book{kohlenbach:applprooftheory,
  author = {Kohlenbach, U.},
  title = {Applied Proof Theory: Proof Interpretations and their Use in Mathematics},
  publisher = {Springer-Verlag},
  year = {2008}}

@misc{bauer:realizability,
  author = {Bauer, A.},
  title = {Realizability as the connection between computable and constructive mathematics},
  year = {2005},
  url = {http://math.andrej.com/data/c2c.pdf}}

@misc{artemov:bhk,
  author = {Artemov, S.},
  title = {On Brouwer--Heyting--Kolmogorov provability semantics},
  year = {2013},
  note = {Slides for the \textit{Mal'tsev Meeting}},
  url = {http://www.math.nsc.ru/conference/malmeet/13/Artemov.pdf}}

@article{sanz-piecha:critical-bhk,
  author = {de Campos Sanz, W. and Piecha, T.},
  title = {A critical remark on the BHK interpretation of implication},
  year = {2014},
  journal = {Philosophia Scientiæ},
  pages = {13--22},
  volume = {18}}

@article{dalen:bhk,
  author = {van Dalen, D.},
  title = {Kolmogorov and Brouwer on constructive implication and the Ex Falso rule},
  year = {2004},
  journal = {Russian Math. Surveys},
  volume = {59},
  number = {2},
  pages = {247--257}}

@book{bishop-bridges:bible,
  author = {Bishop, E. and Bridges, D.},
  title = {Constructive Analysis},
  publisher = {Springer},
  year = {1985}}

@article{escardo:omniscience,
  author = {Escardó, M.},
  title = {Infinite sets that satisfy the principle of omniscience in any variety of constructive mathematics},
  journal = {J. Symbolic Logic},
  volume = {78},
  number = {3},
  year = {2013},
  pages = {764--784}}

@misc{escardo:omniscience1,
  author = {Escardó, M.},
  title = {Infinite sets that satisfy the principle of omniscience in all varieties of constructive mathematics},
  year = {2011},
  note = {Slides for Dagstuhl 2011, \href{https://www.cs.bham.ac.uk/~mhe/.talks/dagstuhl2011/omniscient.pdf}{available online}}}

@misc{escardo:omniscience2,
  author = {Escardó, M.},
  title = {Infinite sets that satisfy the principle of omniscience in constructive type theory},
  year = {2017},
  note = {Slides for Tallinn 2017, \href{https://www.ioc.ee/~tarmo/tsem16/escardo2605-slides.pdf}{available online}}}

@book{aczel-rathjen:cst,
  author = {Aczel, P. and Rathjen, M.},
  title = {Constructive set theory (book draft)},
  year = {2010},
  url = {https://www1.maths.leeds.ac.uk/~rathjen/book.pdf}}

@incollection{crosilla:predicativity,
  author = {Crosilla, L.},
  title = {Exploring predicativity},
  booktitle = {Proof and Computation},
  editor = {Mainzer, K. and Schuster, P. and Schwichtenberg, H.},
  publisher = {World Scientific},
  year = {2018},
  pages = {83--108}}
