@book{johnstone:elephant,
  author = {Johnstone, P. T.},
  title = {Sketches of an Elephant: A Topos Theory Compendium},
  year = {2002},
  publisher = {Oxford University Press}}

@article{leinster:introduction,
  author = {Leinster, T.},
  title = {An informal introduction to topos theory},
  journal = {Publications of the nLab},
  volume = {1},
  number = {1},
  year = {2011}}

@inbook{vickers:locales-toposes,
  author = {Vickers, S.},
  title = {Locales and Toposes as Spaces},
  year = {2007},
  pages = {429--496},
  booktitle = {Handbook of Spatial Logics},
  publisher = {Springer},
  editor = {Aiello, M. and Pratt-Hartmann, I. and van Benthem, J.}}

@inproceedings{mulvey:repr,
  author = {Mulvey, C.},
  title = {Intuitionistic algebra and representations of rings},
  booktitle = {Recent Advances in the Representation Theory of Rings and $C^*$-algebras by Continuous Sections},
  year = {1974},
  editor = {Hofmann, K. H. and Liukkonen, J. R.},
  series = {Mem. Amer. Math. Soc.},
  volume = {148},
  publisher = {American Mathematical Society},
  pages = {3--57}}

@inproceedings{wraith:generic-galois-theory,
  author = {Wraith, G.},
  title = {Generic Galois theory of local rings},
  booktitle = {Applications of sheaves},
  year = {1979},
  editor = {Fourman, M. and Mulvey, C. and Scott, D.},
  series = {Lecture Notes in Math.},
  volume = {753},
  publisher = {Springer},
  pages = {739--767}}

@unpublished{shulman:stack,
  author = {Shulman, M.},
  title = {Stack semantics and the comparison of material and structural set theories},
  year = {2010},
  url = {http://arxiv.org/abs/1004.3802}}

@book{troelstra-dalen:constructivism,
  author = {Troelstra, A. S. and van Dalen, D.},
  title = {Constructivism in Mathematics: An Introduction},
  year = {1988},
  publisher = {North-Holland Publishing}}

@misc{stacks-project, 
  author = "The {Stacks Project Authors}", 
  title = "{Stacks Project}", 
  url = {http://stacks.math.columbia.edu/}}

@book{moerdijk-maclane:sheaves-logic,
  author = {Mac Lane, S. and Moerdijk, I.},
  title = {Sheaves in Geometry and Logic: a First Introduction to Topos Theory},
  publisher = {Springer},
  series = {Universitext},
  year = {1992}}

@book{mines-richman-ruitenburg:constructive-algebra,
  title = {A Course in Constructive Algebra},
  author = {Mines, R. and Richman, F. and Ruitenburg, W.},
  series = {Universitext},
  year = {1988},
  publisher = {Springer}}

@book{bishop-bridges:constructive-analysis,
  author = {Bishop, E. and Bridges, D.},
  title = {Constructive Analysis},
  publisher = {Springer},
  year = {1985}}

@incollection{bauer:int-mathematics,
  author = {Bauer, A.},
  title = {Intuitionistic Mathematics and Realizability in the Physical World},
  booktitle = {A Computable Universe},
  publisher = {World Scientific Pub Co},
  editor = {Zenil, H.},
  year = {2012}}

@misc{bauer:video,
  author = {Bauer, A.},
  title = {Five Stages of Accepting Constructive Mathematics},
  note = {Lecture at the Institute for Advanced Study},
  year = {2013},
  url = {http://video.ias.edu/members/1213/0318-AndrejBauer}}

@article{awodey-bauer:bracket,
  title = {Propositions as [Types]},
  author = {Awodey, S. and Bauer, A.},
  journal = {J. Logic Comput.},
  volume = {14},
  number = {4},
  pages = {447--471},
  year = {2004}}

@inbook{bell:catlogprime,
  author = {Bell, J.},
  title = {The development of categorical logic},
  editor = {Gabbay, D. and Guenthner, F.},
  booktitle = {Handbook of Philosophical Logic},
  publisher = {Springer},
  edition = {2},
  year = {2005},
  volume = {12},
  pages = {279--361}}

@book{vakil:foag,
  author = {Vakil, Ravi},
  title = {Foundations of Algebraic Geometry},
  year = {2013},
  url = {http://math.stanford.edu/~vakil/216blog/}}

@article{kleiman:misconceptions,
  author = {Kleiman, S.},
  title = {Misconceptions about $K_X$},
  year = {1979},
  volume = {25},
  journal = {Enseign. Math.},
  pages = {203--206}}

@article{bohr1,
  author = {Butterfield, J. and Hamilton, J. and Isham, C.},
  title = {A topos perspective on the Kochen-Specker theorem, I. quantum states as generalized valuations},
  journal = {Internat. J. Theoret. Phys.},
  volume = {37},
  number = {11},
  pages = {2669--2733},
  year = {1998},
  url = {http://arxiv.org/abs/quant-ph/9803055}}

@article{bohr2,
  year = {2009},
  journal = {Comm. Math. Phys.},
  volume = {291},
  number = {1},
  title = {A Topos for Algebraic Quantum Theory},
  url = {http://link.springer.com/article/10.1007%2Fs00220-009-0865-6},
  publisher = {Springer-Verlag},
  author = {Heunen, C. and Landsman, N. and Spitters, B.},
  pages = {63--110}}

@article{vickers:geometricity,
  year = {2014},
  author = {Vickers, S.},
  title = {Continuity and geometric logic},
  journal = {J. Appl. Log.},
  volume = {12},
  number = {1},
  pages = {14--27}}

@article{vries:sheafification,
  year = {1987},
  author = {de Vries, F.-J.},
  title = {Applications of constructive logic to sheaf constructions in toposes},
  volume = {25},
  journal = {Logic Group preprint series, Rijksuniversiteit Utrecht}}

@inproceedings{johnstone:art,
  title = {The art of pointless thinking: a student's guide to the category of locales},
  author = {Johnstone, P. T.},
  booktitle = {Category theory at work (Bremen, 1990)},
  pages = {85--107},
  series = {Res. Exp. Math.},
  number = {18},
  publisher = {Heldermann},
  year = {1991}}

@article{johnstone:point,
  title = {The point of pointless topology},
  author = {Johnstone, P. T.},
  year = {1983},
  journal = {Bull. Amer. Math. Soc.},
  volume = {8},
  number = {1},
  pages = {41--53}}
