@article{richman:trivial-rings,
  author = {Richman, F.},
  year = {1988},
  title = {Nontrivial uses of trivial rings},
  journal = {Proc. Amer. Math. Soc.},
  volume = {103}, 
  pages = {1012--1014}}
