@book{johnstone:elephant,
  author = {Johnstone, P. T.},
  title = {Sketches of an Elephant: A Topos Theory Compendium},
  year = {2002},
  publisher = {Oxford University Press}}

@unpublished{levy:uncountability,
  author = {Levy, E.},
  title = {An unusual proof that the reals are uncountable},
  year = {2009},
  note = {arXiv:0901.0446 [math.HO]}}
