@misc{mo:kernel,
  title = {Constructive proof that a kernel consists of nilpotent elements (thread started by HeinrichD)},
  author = {MathOverflow contributors},
  year = {2016},
  url = {https://mathoverflow.net/questions/250040}}

@unpublished{blechschmidt:wlog,
  author = {Blechschmidt, I.},
  title = {Without loss of generality, any reduced ring is a field},
  year = {2018, in preparation}}

@phdthesis{blechschmidt:phd,
  author = {Blechschmidt, I.},
  title = {Using the internal language of toposes in algebraic geometry},
  year = {2017},
  school = {University of Augsburg},
  url = {https://rawgit.com/iblech/internal-methods/master/notes.pdf}}

@misc{stacks-project, 
  author = "The {Stacks Project Authors}", 
  title = "{Stacks Project}", 
  url = {https://stacks.math.columbia.edu/}}

@unpublished{brandenburg:schur,
  author = {Brandenburg, M.},
  title = {Operations on categories of modules are given by Schur functors},
  year = {2016},
  url = {https://arxiv.org/abs/1610.02180}}

@book{eisenbud:commutative-algebra,
  author = {Eisenbud, D.},
  title = {Commutative Algebra with a View Toward Algebraic Geometry},
  series = {Grad. Texts in Math.},
  volume = {150},
  year = {1995},
  publisher = {Springer}}

@article{ega-4-2,
  author = {Dieudonné, J. and Grothendieck, A.},
  title = {Éléments de géométrie algébrique: IV. Étude locale des schémas et des morphismes de schémas, Seconde partie},
  year = {1965},
  volume = {24},
  journal = {Publ. Math. Inst. Hautes Études Sci.}}

@book{matsumura:commutative-ring-theory,
  author = {Matsumura, H.},
  title = {Commutative ring theory},
  publisher = {Cambridge University Press},
  year = {1987},
  volume = {8},
  series = {Cambridge Stud. Adv. Math.}}

@misc{staats:generic-freeness,
  author = {Staats, C.},
  title = {Elementary proof of generic freeness},
  year = {2011},
  url = {https://math.uchicago.edu/~cstaats/Charles_Staats_III/Notes_and_papers_files/generic_freeness.pdf}}
