@book{caramello:ttt,
  author = {Caramello, O.},
  title = {Theories, Sites, Toposes: Relating and studying mathematical theories through topos-theoretic `bridges'},
  publisher = {Oxford University Press},
  year = {2018}}

@book{borceux:handbook3,
  author = {Borceux, F.},
  title = {Handbook of Categorical Algebra: Volume 3, Sheaf Theory},
  series = {Encyclopedia Math. Appl.},
  year = {1994},
  publisher = {Cambridge University Press}}

@book{goldblatt:topoi,
  author = {Goldblatt, R.},
  title = {Topoi: The Categorical Analysis of Logic},
  year = {1984},
  publisher = {Elsevier},
  series = {Stud. Logic Found. Math.},
  volume = {98}}

@book{moerdijk-maclane:sheaves-logic,
  author = {Mac Lane, S. and Moerdijk, I.},
  title = {Sheaves in Geometry and Logic: a First Introduction to Topos Theory},
  publisher = {Springer},
  series = {Universitext},
  year = {1992}}

@inproceedings{feferman:zfcs,
  title = {Set-theoretical foundations of category theory},
  author = {Feferman, S.},
  booktitle = {Reports of the Midwest Category Seminar III},
  series = {Lecture Notes in Math.},
  volume = {106},
  pages = {201--247},
  publisher = {Springer},
  year = {1969}}

@unpublished{shulman:sets,
  author = {Shulman, M.},
  title = {Set theory for category theory},
  year = {2008},
  url = {https://arxiv.org/abs/0810.1279}}

@article{aczel:rrs,
  title = {The relation reflection scheme},
  author = {Aczel, P.},
  journal = {MLQ Math. Log. Q.},
  volume = {54},
  number = {1},
  pages = {5--11},
  year = {2008}}

@unpublished{palmgren:mdc,
  title = {A small variation of Aczel's relation reflection scheme},
  author = {Palmgren, E.},
  year = {2007},
  url = {http://www2.math.uu.se/~palmgren/MVDC.pdf}}

@article{aczel:sets-as-trees,
  title = {The type theoretic interpretation of constructive set theory},
  author = {Aczel, P.},
  journal = {Stud. Logic Found. Math.},
  volume = {96},
  year = {1978},
  pages = {55--66}}
