@incollection{bauer:int-mathematics,
  author = {Bauer, A.},
  title = {Intuitionistic mathematics and realizability in the physical world},
  booktitle = {A Computable Universe},
  publisher = {World Scientific Pub Co},
  editor = {Zenil, H.},
  year = {2012}}

@misc{bauer:video,
  author = {Bauer, A.},
  title = {Five stages of accepting constructive mathematics},
  note = {Lecture at the Institute for Advanced Study},
  year = {2013},
  url = {https://video.ias.edu/members/1213/0318-AndrejBauer}}

@unpublished{melikhov:intuitionistic-logic,
  author = {Melikhov, S.},
  title = {Mathematical semantics of intuitionistic logic},
  year = {2015},
  url = {https://arxiv.org/abs/1504.03380}}

@book{mines-richman-ruitenburg:constructive-algebra,
  title = {A Course in Constructive Algebra},
  author = {Mines, R. and Richman, F. and Ruitenburg, W.},
  series = {Universitext},
  year = {1988},
  publisher = {Springer}}

@book{lombardi-quitte:constructive-algebra,
  author = {Lombardi, H. and Quitt√©, C.},
  title = {Commutative Algebra: Constructive Methods},
  year = {2015},
  publisher = {Springer}}

@book{bishop-bridges:constructive-analysis,
  author = {Bishop, E. and Bridges, D.},
  title = {Constructive Analysis},
  publisher = {Springer},
  year = {1985}}

@article{bauer:injection,
  author = {Bauer, A.},
  title = {An injection from the Baire space to natural numbers},
  journal = {Math. Structures Comput. Sci.},
  volume = {25},
  number = {7},
  pages = {1484--1489},
  year = {2015}}

@article{hamkins-lewis:ittm,
  title = {Infinite time Turing machines},
  author = {Hamkins, J. and Lewis, A.},
  journal = {J. Symbolic Logic},
  volume = {65},
  number = {2},
  year = {2000},
  pages = {567--604}}

@phdthesis{blechschmidt:phd,
  author = {Blechschmidt, I.},
  title = {Using the internal language of toposes in algebraic geometry},
  year = {2017},
  school = {University of Augsburg},
  url = {https://rawgit.com/iblech/internal-methods/master/notes.pdf}}
