@inproceedings{kock:partial-maps,
  author = {Kock, A.},
  title = {Algebras for the partial map classifier monad},
  editor = {Carboni, A. and Pedicchio, M. and Rosolini, G.},
  booktitle = {Category Theory. Proceedings of the International Conference held in Como, Italy, July 22â€“28, 1990},
  publisher = {Springer},
  year = {1991},
  series = {Lecture Notes in Math.},
  volume = {1488},
  pages = {262--278}}

@book{mines-richman-ruitenburg:constructive-algebra,
  title = {A Course in Constructive Algebra},
  author = {Mines, R. and Richman, F. and Ruitenburg, W.},
  series = {Universitext},
  year = {1988},
  publisher = {Springer}}

@article{blass:inj-proj-axc,
  author = {Blass, A.},
  title = {Injectivity, projectivity, and the axiom of choice},
  year = {1979},
  journal = {Trans. Amer. Math. Soc.},
  volume = {255},
  pages = {31--59}}

@unpublished{shulman:stack-semantics,
  author = {Shulman, M.},
  title = {Stack semantics and the comparison of material and structural set theories},
  year = {2010},
  url = {https://arxiv.org/abs/1004.3802}}

@article{harting:locally-injective,
  author = {Harting, R.},
  title = {Locally injective abelian groups in a topos},
  year = {1983},
  journal = {Comm. Algebra},
  volume = {11},
  number = {4},
  pages = {349--376}}

@article{harting:remark,
  author = {Harting, R.},
  title = {A remark on injectivity of sheaves of abelian groups},
  year = {1981},
  journal = {Archiv der Mathematik},
  volume = {36},
  number = {1},
  pages = {230--233}}

@inproceedings{hyland:effective-topos,
  author = {Hyland, M.},
  title = {The ef{}fective topos},
  editor = {Troelstra, A. S. and van Dalen, D.},
  booktitle = {The L. E. J. Brouwer Centenary Symposium},
  publisher = {North-Holland},
  year = {1982},
  pages = {165--216}}

@inproceedings{altenkirch-kaposi:qits,
  author = {Altenkirch, T. and Kaposi, A.},
  title = {Type theory in type theory using quotient inductive types},
  booktitle = {Proceedings of POPL '16},
  publisher = {ACM},
  pages = {18--29},
  year = {2016}}

@article{moerdijk-palmgren:wellfounded-trees,
  author = {Moerdijk, I. and Palmgren, E.},
  title = {Wellfounded trees in categories},
  journal = {Ann. Pure Appl. Logic},
  volume = {104},
  year = {2000},
  pages = {189--218}}

@misc{berg-moerdijk:w-types-in-sheaves,
  author = {van den Berg, B. and Moerdijk, I.},
  title = {$W$-types in sheaves},
  url = {https://arxiv.org/abs/0810.2398},
  year = {2008}}

@misc{berg-kouwenhoven-gentil:w-types-in-eff,
  author = {van den Berg, B. and Kouwenhoven-Gentil, C.},
  title = {$W$-types in the effective topos},
  url = {https://www.staff.science.uu.nl/~ooste110/realizability/WinEff.ps.gz},
  year = {2004}}

@misc{shulman-lumsdaine:hits,
  author = {Shulman, M. and Lumsdaine, P.},
  title = {Semantics of higher inductive types},
  url = {https://arxiv.org/abs/1705.07088},
  year = {2017}}

@article{blass:free-algebras,
  author = {Blass, A.},
  title = {Words, free algebras, and coequalizers},
  journal = {Fund. Math.},
  volume = {117},
  number = {2},
  pages = {117--160},
  year = {1983}}
