@phdthesis{blechschmidt:phd,
  author = {Blechschmidt, I.},
  title = {Using the internal language of toposes in algebraic geometry},
  year = {2017},
  school = {University of Augsburg},
  url = {https://rawgit.com/iblech/internal-methods/master/notes.pdf}}

@book{caramello:tst,
  author = {Caramello, O.},
  title = {Theories, Sites, Toposes: Relating and studying mathematical theories through topos-theoretic `bridges'},
  publisher = {Oxford University Press},
  year = {2018}}

@article{kock:univ-proj-geometry,
  author = {Kock, A.},
  title = {Universal projective geometry via topos theory},
  journal = {J. Pure Appl. Algebra},
  volume = {9},
  number = {1},
  pages = {1--24},
  year = {1976}}

@inproceedings{reyes:cramer,
  author = {Reyes, G.},
  title = {Cramer's rule in the Zariski topos},
  booktitle = {Applications of sheaves},
  year = {1979},
  editor = {Fourman, M. and Mulvey, C. and Scott, D.},
  series = {Lecture Notes in Math.},
  volume = {753},
  publisher = {Springer},
  pages = {586--594}}

@misc{blechschmidt:generic-freeness,
  author = {Blechschmidt, I.},
  title = {An elementary and constructive proof of Grothendieck's generic freeness lemma},
  year = {2018},
  url = {https://arxiv.org/abs/1807.01231}}

@incollection{tierney:spectrum,
  author = {Tierney, M.},
  title = {On the spectrum of a ringed topos},
  year = {1976},
  booktitle = {Algebra, Topology, and Category Theory. A Collection of Papers in Honor of Samuel Eilenberg},
  publisher = {Academic Press},
  editor = {Heller, A. and Tierney, M.},
  pages = {189--210}}

@inproceedings{wraith:intuitionistic-algebra,
  author = {Wraith, G.},
  title = {Intuitionistic algebra: some recent developments in topos theory},
  booktitle = {Proceedings of the International Congress of Mathematicians,
  Helsinki},
  year = {1978},
  pages = {331--337}}

@article{bezem-buchholtz-coquand:syntactic-forcing-models,
  author = {Bezem, M. and Buchholtz, U. and Coquand, T.},
  title = {Syntactic forcing models for coherent logic},
  year = {2018},
  journal = {Indagationes Mathematicae},
  volume = {29},
  issue = {6},
  pages = {1441--1464}}

@article{caramello:definability,
  author = {Caramello, O.},
  title = {Universal models and definability},
  journal = {Math. Proc. Cambridge Philos. Soc.},
  volume = {152},
  number = {2},
  pages = {272--302},
  year = {2012}}
