@book{johnstone:elephant,
  author = {Johnstone, P. T.},
  title = {Sketches of an Elephant: A Topos Theory Compendium},
  year = {2002},
  publisher = {Oxford University Press}}

@book{johnstone:topos-theory,
  author = {Johnstone, P. T.},
  title = {Topos Theory},
  year = {1977},
  series = {L.M.S. Monographs},
  volume = {10},
  publisher = {Academic Press}}

@article{richman:trivial-rings,
  author = {Richman, F.},
  year = {1988},
  title = {Nontrivial uses of trivial rings},
  journal = {Proc. Amer. Math. Soc.},
  volume = {103},
  pages = {1012--1014}}

@book{lombardi-quitte:constructive-algebra,
  author = {Lombardi, H. and Quitté, C.},
  title = {Commutative Algebra: Constructive Methods},
  year = {2015},
  publisher = {Springer}}

@incollection{tierney:spectrum,
  author = {Tierney, M.},
  title = {On the spectrum of a ringed topos},
  year = {1976},
  booktitle = {Algebra, Topology, and Category Theory. A Collection of Papers in Honor of Samuel Eilenberg},
  publisher = {Academic Press},
  editor = {Heller, A. and Tierney, M.},
  pages = {189--210}}

@phdthesis{blechschmidt:phd,
  author = {Blechschmidt, I.},
  title = {Using the internal language of toposes in algebraic geometry},
  year = {2017},
  school = {University of Augsburg},
  url = {https://rawgit.com/iblech/internal-methods/master/notes.pdf}}

@book{caramello:tst,
  author = {Caramello, O.},
  title = {Theories, Sites, Toposes: Relating and studying mathematical theories through topos-theoretic `bridges'},
  publisher = {Oxford University Press},
  year = {2018}}

@misc{blechschmidt-hutzler:macneille,
  author = {Blechschmidt, I. and Hutzler, M.},
  title = {{A constructive Knaster--Tarski proof of the uncountability of the reals}},
  year = {2019},
  url = {https://arxiv.org/abs/1902.07366}}

@book{joyal-tierney:galois-theory,
  author = {Joyal, A. and Tierney, M.},
  title = {An Extension of the Galois Theory of Grothendieck},
  series = {Mem. Amer. Math. Soc.},
  publisher = {American Mathematical Society},
  volume = {309},
  year = {1984}}

@misc{tarizadeh:flat,
  author = {Tarizadeh, A.},
  title = {The flat topology and its duality aspects},
  year = {2015},
  url = {https://arxiv.org/abs/1503.04299v9}}

@article{johnstone:rings-fields-and-spectra,
  author = {Johnstone, P. T.},
  title = {Rings, fields, and spectra},
  journal = {J. Algebra},
  volume = {49},
  number = {1},
  pages = {238--260},
  year = {1977}}

@inproceedings{hyland:effective-topos,
  author = {Hyland, M.},
  title = {The ef{}fective topos},
  editor = {Troelstra, A. S. and van Dalen, D.},
  booktitle = {The L. E. J. Brouwer Centenary Symposium},
  publisher = {North-Holland},
  year = {1982},
  pages = {165--216}}

@techreport{phoa:effective,
  author = {Phoa, W.},
  title = {An introduction to fibrations, topos theory, the ef{}fective topos and modest sets},
  institution = {University of Edinburgh},
  note = {ECS-LFCS-92-208},
  year = {1992},
  url = {http://www.lfcs.inf.ed.ac.uk/reports/92/ECS-LFCS-92-208/}}

@misc{bauer:c2c,
  author = {Bauer, A.},
  title = {Realizability as the connection between computable and constructive mathematics},
  year = {2005},
  url = {http://math.andrej.com/asset/data/c2c.pdf}}

@book{scedrov:forcing,
  author = {Ščedrov, A.},
  title = {Forcing and Classifying Topoi},
  series = {Mem. Amer. Math. Soc.},
  publisher = {American Mathematical Society},
  volume = {295},
  year = {1984}}

@inproceedings{ruitenburg:roots,
  author = {Ruitenburg, W.},
  title = {Constructing roots of polynomials over the complex numbers},
  editor = {Cohen, A.},
  booktitle = {Computational Aspects of Lie Group Representations and Related Topics, Proc. of the 1990 Computer Algebra Seminar held in Amsterdam},
  publisher = {Centrum voor Wiskunde en Informatica, Amsterdam},
  series = {CWI Tract},
  volume = {84},
  year = {1991},
  pages = {107--128}}

@article{richman:fta,
  title = {The fundamental theorem of algebra: a constructive development without choice},
  author = {Richman, F.},
  year = {2000},
  journal = {Pac. J. Math.},
  volume = {196},
  number = {1},
  pages = {213--230}}

@article{bridges-richman-schuster:wcc,
  title = {A Weak Countable Choice Principle},
  author = {Bridges, D. and Richman, F. and Schuster, P.},
  journal = {Proc. Amer. Math. Soc.},
  volume = {128},
  number = {9},
  year = {2000}}

@article{palmgren-vickers:partial-horn,
  title = {Partial Horn logic and cartesian categories},
  author = {Palmgren, E. and Vickers, S.},
  journal = {Ann. Pure Appl. Logic},
  year = {2007},
  volume = {145},
  number = {3},
  pages = {314--353}}

@misc{vickers:sketches,
  author = {Vickers, S.},
  title = {Sketches for arithmetic universes},
  year = {2016},
  url = {https://arxiv.org/abs/1608.01559}}

@article{maietti:au,
  author = {Maietti, M.},
  title = {Joyal's arithmetic universes as list-arithmetic pretoposes},
  year = {2010},
  journal = {Theory Appl. Categ.},
  volume = {23},
  number = {3},
  pages = {39--83}}

@misc{aczel-rathjen:cst,
  author = {Aczel, P. and Rathjen, M.},
  title = {Constructive set theory (book draft)},
  year = {2010},
  url = {https://www1.maths.leeds.ac.uk/~rathjen/book.pdf}}

@inbook{crosilla:predicativity,
  author = {Crosilla, L.},
  title = {Exploring predicativity},
  booktitle = {Proof and Computation},
  editor = {Mainzer, K. and Schuster, P. and Schwichtenberg, H.},
  publisher = {World Scientific},
  year = {2018},
  pages = {83--108}}

@article{belanger-marquis:pointless,
  title = {Menger and Nöbeling on pointless topology},
  author = {Bélanger, M. and Marquis, J.-P.},
  journal = {Logic Log. Philos.},
  volume = {22},
  number = {2},
  year = {2013}}

@inproceedings{johnstone:art,
  title = {The art of pointless thinking: a student's guide to the category of locales},
  author = {Johnstone, P. T.},
  booktitle = {Category theory at work (Bremen, 1990)},
  pages = {85--107},
  series = {Res. Exp. Math.},
  number = {18},
  publisher = {Heldermann},
  year = {1991}}

@article{johnstone:point,
  title = {The point of pointless topology},
  author = {Johnstone, P. T.},
  year = {1983},
  journal = {Bull. Amer. Math. Soc.},
  volume = {8},
  number = {1},
  pages = {41--53}}

@inbook{vickers:locales-toposes,
  author = {Vickers, S.},
  title = {Locales and Toposes as Spaces},
  year = {2007},
  pages = {429--496},
  booktitle = {Handbook of Spatial Logics},
  publisher = {Springer},
  editor = {Aiello, M. and Pratt-Hartmann, I. and van Benthem, J.},
  url = {https://www.cs.bham.ac.uk/~sjv/LocTopSpaces.pdf}}

@article{vickers:continuity,
  author = {Vickers, S.},
  title = {Continuity and geometric logic},
  volume = {12},
  number = {1},
  year = {2014},
  pages = {14--27},
  journal = {J. Appl. Log.},
  url = {https://www.cs.bham.ac.uk/~sjv/GeoAspects.pdf}}

@article{simpson:measure,
  author = {Simpson, A.},
  year = {2012},
  title = {Measure, randomness and sublocales},
  journal = {Ann. Pure Appl. Logic},
  volume = {163},
  number = {11},
  pages = {1642--1659}}

@misc{bauer:kleene-tree,
  author = {Bauer, A.},
  year = {2006},
  title = {{König's lemma and the Kleene tree}},
  url = {http://math.andrej.com/wp-content/uploads/2006/05/kleene-tree.pdf}}

@inproceedings{cederquist-negri:heine-borel,
  title = {{A constructive proof of the Heine--Borel covering theorem for formal reals}},
  author = {Cederquist, J. and Negri, S.},
  year = {1996},
  editor = {Berardi, S. and Coppo, M.},
  booktitle = {Types for Proofs and Programs},
  publisher = {Springer},
  pages = {62--75}}

@inbook{vickers:tychonoff,
  author = {Vickers, S.},
  booktitle = {From Sets and Types to Analysis and Topology: Towards Practicable Foundations for Constructive Mathematics},
  editor = {Crosilla, L. and Schuster, P.},
  publisher = {Oxford Univ. Press},
  year = {2005},
  title = {Some constructive roads to Tychonoff},
  pages = {223--238}}

@article{wraith:galois-topos,
  author = {Wraith, G.},
  title = {Galois theory in a topos},
  year = {1980},
  journal = {J. Pure Appl. Algebra},
  volume = {19},
  pages = {401--410}}

@article{wraith:localic-groups,
  title = {Localic groups},
  author = {Wraith, G.},
  journal = {Cah. Topol. Géom. Différ. Catég.},
  year = {1981},
  volume = {22},
  issue = {1},
  pages = {61--66}}

@book{moerdijk-maclane:sheaves-logic,
  author = {Mac Lane, S. and Moerdijk, I.},
  title = {Sheaves in Geometry and Logic: a First Introduction to Topos Theory},
  publisher = {Springer},
  series = {Universitext},
  year = {1992}}

@article{banaschewski-harting:lattice-aspects,
  title = {Lattice aspects of radical ideals and choice principles},
  author = {Banaschewski, B. and Harting, R.},
  journal = {Proc. Lond. Math. Soc.},
  year = {1985},
  volume = {s3-50},
  issue = {3},
  pages = {385--404}}

@article{scott:bpit,
  author = {Scott, D.},
  title = {Prime ideal theorems for rings, lattices, and Boolean algebras},
  journal = {Bull. Amer. Math. Soc},
  volume = {60},
  number = {4},
  year = {1954},
  pages = {390}}

@book{mines-richman-ruitenburg:constructive-algebra,
  title = {A Course in Constructive Algebra},
  author = {Mines, R. and Richman, F. and Ruitenburg, W.},
  series = {Universitext},
  year = {1988},
  publisher = {Springer}}

@article{richman:noetherian,
  title = {The ascending tree condition: constructive algebra without choice},
  author = {Richman, F.},
  journal = {Comm. Algebra},
  volume = {31},
  number = {4},
  pages = {1993--2002},
  year = {2003}}

@article{perdry-schuster:noetherian,
  title = {Noetherian orders},
  author = {Perdry, H. and Schuster, P.},
  journal = {Math. Structures in Comput. Sci.},
  volume = {21},
  number = {1},
  year = {2011},
  pages = {111--124}}

@article{perdry:noetherian,
  author = {Perdry, H.},
  title = {Strongly Noetherian rings and constructive ideal theory},
  journal = {J. Symbolic Comput.},
  volume = {37},
  number = {4},
  year = {2004},
  pages = {511--535}}

@phdthesis{tennenbaum:hilbert,
  author = {Tennenbaum, J.},
  title = {A constructive version of Hilbert's basis theorem},
  school = {University of California},
  year = {1973}}

@article{perdry:lazy,
  title = {{Lazy bases: a minimalist constructive theory of Noetherian rings}},
  author = {Perdry, H.},
  journal = {MLQ Math. Log. Q.},
  volume = {54},
  number = {1},
  year = {2008},
  pages = {70--82}}

@book{picado-pultr:covariant,
  title = {Locales mostly treated in a covariant way},
  author = {Picado, J. and Pultr, A.},
  series = {Textos Mat. Sér. B},
  volume = {41},
  publisher = {Universidade de Coimbra, Departamento de Matemática},
  year = {2008}}

@book{picado-pultr:frames-and-locales,
  title = {Frames and Locales. Topology without points},
  author = {Picado, J. and Pultr, A.},
  series = {Front. Math.},
  year = {2012},
  publisher = {Birkhäuser}}

@inproceedings{coste:sheaf-representation,
  title = {Localisation, spectra and sheaf representation},
  author = {Coste, M.},
  booktitle = {Applications of sheaves},
  year = {1979},
  editor = {Fourman, M. and Mulvey, C. and Scott, D.},
  series = {Lecture Notes in Math.},
  volume = {753},
  publisher = {Springer},
  pages = {212--238}}

@inproceedings{fourman-scott:sheaves-and-logic,
  title = {Sheaves and logic},
  author = {Fourman, M. and Scott, D.},
  booktitle = {Applications of sheaves},
  year = {1979},
  editor = {Fourman, M. and Mulvey, C. and Scott, D.},
  series = {Lecture Notes in Math.},
  volume = {753},
  publisher = {Springer},
  pages = {302--401}}

@article{cole:spectra,
  author = {Cole, J.},
  title = {The bicategory of topoi and spectra},
  pages = {1--16},
  year = {2016},
  journal = {Repr. Theory Appl. Categ.},
  volume = {25}}

@incollection{rathjen:barr,
  author = {Rathjen, M.},
  title = {{Remarks on Barr's theorem: proofs in geometric theories}},
  booktitle = {Concepts of Proof in Mathematics, Philosophy, and Computer Science},
  editor = {Probst, D. and Schuster, P.},
  series = {Ontos Math. Log.},
  publisher = {De Gruyter},
  volume = {6},
  pages = {347--374},
  year = {2016}}

@book{goldblatt:topoi,
  author = {Goldblatt, R.},
  title = {Topoi: The Categorical Analysis of Logic},
  year = {1984},
  publisher = {Elsevier},
  series = {Stud. Logic Found. Math.},
  volume = {98}}

@article{goldblatt:modality,
  author = {Goldblatt, R.},
  title = {Grothendieck topology as geometric modality},
  year = {1981},
  journal = {MLQ Math. Log. Q.},
  volume = {27},
  number = {31--35},
  pages = {495--529}}

@article{coquand-ducos-lombardi-quitte:krull-integral,
  author = {Coquand, Th. and Ducos, L. and Lombardi, H. and Quitté, C.},
  title = {{Constructive Krull dimension I: integral extensions}},
  journal = {J. Algebra Appl.},
  volume = {8},
  number = {1},
  pages = {129-138},
  year = {2009}}

@article{coquand-lombardi:krull-dim-polynomial-ring,
  author = {Coquand, Th. and Lombardi, H.},
  title = {{A short proof for the Krull dimension of a polynomial ring}},
  journal = {Amer. Math. Monthly},
  volume = {112},
  number = {9},
  year = {2005},
  pages = {826--829}}

@inbook{coquand-lombardi-roy:char-krull,
  author = {Coquand, Th. and Lombardi, H. and Roy, M.-F.},
  title = {An elementary characterisation of Krull dimension},
  booktitle = {From Sets and Types to Analysis and Topology: Towards Practicable Foundations for Constructive Mathematics},
  publisher = {Oxford Univ. Press},
  year = {2005},
  pages = {239--244}}

@misc{coquand:local-rings,
  author = {Coquand, Th.},
  title = {A remark about the theory of local rings},
  year = {2008},
  url = {http://www.cse.chalmers.se/~coquand/local.pdf}}

@article{banaschewski-mulvey:gelfand,
  author = {Banaschewski, B. and Mulvey, C.},
  title = {{A globalisation of the Gelfand duality theorem}},
  journal = {Ann. Pure Appl. Logic},
  volume = {137},
  issue = {1--3},
  year = {2006},
  pages = {62--103}}

@article{coquand-spitters:gelfand,
  author = {Coquand, Th. and Spitters, B.},
  title = {{Constructive Gelfand duality for $C^\star$-algebras}},
  journal = {Math. Proc. Cambridge Philos. Soc.},
  volume = {147},
  issue = {2},
  year = {2009}}

@misc{henry:gelfand,
  author = {Henry, S.},
  title = {{Constructive Gelfand duality for non-unital commutative $C^\star$-algebras}},
  url = {https://arxiv.org/abs/1412.2009},
  year = {2014}}

@article{simpson:randomness,
  author = {Simpson, A.},
  year = {2012},
  title = {Measure, randomness and sublocales},
  journal = {Ann. Pure Appl. Logic},
  volume = {163},
  number = {11},
  pages = {1642--1659}}

@article{kraus-escardo-coquand-altenkirch:anonymous,
  author = {Kraus, N. and Escardó, M. and Coquand, Th. and Altenkirch, T.},
  title = {{Notions of anonymous existence in Martin--Löf type theory}},
  year = {2017},
  journal = {Log. Methods Comput. Sci},
  volume = {13},
  number = {1}}

@book{lam:exercises,
  author = {Lam, T.Y.},
  title = {Exercises in Modules and Rings},
  year = {2007},
  publisher = {Springer},
  series = {Problem Books in Math.}}

@article{blocki:mccoy,
  author = {Błocki, Z.},
  title = {{An elementary proof of the McCoy theorem}},
  year = {1993},
  journal = {Univ. Iagel. Acta Math.},
  volume = {30},
  pages = {215--218}}

@book{bourbaki:alg,
  author = {Bourbaki, N.},
  title = {Algebra I, Chapters 1--3},
  year = {1973},
  publisher = {Addison-Wesley}}

@article{coquand-quitte:constructive-finite-free-resolutions,
  author = {Coquand, Th. and Quitté, C.},
  title = {Constructive finite free resolutions},
  journal = {Manuscripta Math.},
  volume = {137},
  year = {2012},
  pages = {331--345}}

@misc{henry:question-barr,
  author = {Henry, S.},
  title = {{Barr's theorem and constructivity? (question on MathOverflow)}},
  year = {2013},
  url = {https://mathoverflow.net/questions/142217/}}

@article{bauer:injection,
  author = {Bauer, A.},
  title = {An injection from the Baire space to natural numbers},
  journal = {Math. Structures Comput. Sci.},
  volume = {25},
  number = {7},
  pages = {1484--1489},
  year = {2015}}

@article{hamkins-lewis:ittm,
  title = {Infinite time Turing machines},
  author = {Hamkins, J. and Lewis, A.},
  journal = {J. Symbolic Logic},
  volume = {65},
  number = {2},
  year = {2000},
  pages = {567--604}}

@incollection{blechschmidt:custom-tailored,
  author = {Blechschmidt, I.},
  title = {Exploring mathematical objects from custom-tailored mathematical universes},
  year = {2020},
  booktitle = {Philosophy of mathematics. Objects, Structures, and Logics (forthcoming)},
  editor = {Oliveri, G. and Boscolo, S. and Ternullo, C.},
  publisher = {Springer},
  url = {https://rawgit.com/iblech/internal-methods/master/paper-filmat.pdf}}

@misc{blechschmidt:generic-freeness,
  author = {Blechschmidt, I.},
  title = {{An elementary and constructive proof of Grothendieck's generic freeness lemma}},
  year = {2018},
  url = {https://arxiv.org/abs/1807.01231}}

@misc{blechschmidt:kaplansky,
  author = {Blechschmidt, I.},
  title = {Vector bundles on affine schemes (short note)},
  year = {2015},
  url = {https://www.ingo-blechschmidt.eu/kaplansky-en.pdf}}

@article{normann-sanders:uncountable,
  author = {Normann, D. and Sanders, S.},
  title = {On the mathematical and foundational significance of the uncountable},
  journal = {J. Math. Log.},
  volume = {18},
  number = {2},
  year = {2018}}

@misc{savin:minimal-prime-ideals,
  author = {Savin, W.},
  title = {Minimal prime ideals and the axiom of choice (answer on MathOverflow)},
  year = {2012},
  url = {https://mathoverflow.net/a/98734}}

@article{butterfield-hamilton-isham:bohr,
  author = {Butterfield, J. and Hamilton, J. and Isham, C.},
  title = {A topos perspective on the Kochen--Specker theorem, I. quantum states as generalized valuations},
  journal = {Internat. J. Theoret. Phys.},
  volume = {37},
  number = {11},
  pages = {2669--2733},
  year = {1998}}

@article{heunen-landsman-spitters:bohr,
  author = {Heunen, C. and Landsman, N. and Spitters, B.},
  title = {A topos for algebraic quantum theory},
  year = {2009},
  journal = {Comm. Math. Phys.},
  volume = {291},
  number = {1},
  publisher = {Springer},
  pages = {63--110}}

@misc{henry:bohr,
  author = {Henry, S.},
  title = {A geometric Bohr topos},
  year = {2015},
  url = {https://arxiv.org/abs/1502.01896}}

@incollection{rathjen-toppel:reduction,
  author = {Rathjen, M. and Toppel, M.},
  title = {On Relating Theories: Proof-Theoretical Reduction},
  booktitle = {Mathesis Universalis, Computability and Proof},
  editor = {Centrone, S. and Negri, S. and Sarikaya, D. and Schuster, P.},
  publisher = {Springer},
  series = {Synthese Library},
  volume = {412},
  year = {2019},
  pages = {311--331}}

@article{dyckhoff-negri:geometrisation,
  author = {Dyckhoff, R. and Negri, S.},
  title = {Geometrisation of first-order logic},
  journal = {Bull. Symbolic Logic},
  volume = {21},
  number = {2},
  year = {2015},
  pages = {123--163}}

@book{atiyah-macdonald:commutative-algebra,
  author = {Atiyah, M. and Macdonald, I.},
  title = {Introduction to Commutative Algebra},
  year = {1969},
  publisher = {Addison--Wesley}}

@inproceedings{wraith:intuitionistic-algebra,
  author = {Wraith, G.},
  title = {Intuitionistic algebra: some recent developments in topos theory},
  booktitle = {Proceedings of the International Congress of Mathematicians (1978, Helsinki)},
  publisher = {Acad. Sci. Fennica, Helsinki},
  year = {1980},
  pages = {331--337}}

@article{sambin:some-points,
  author = {Sambin, G.},
  title = {Some points in formal topology},
  journal = {Theoret. Comput. Sci.},
  volume = {305},
  issue = {1--3},
  year = {2003},
  pages = {347--408}}

@incollection{sambin:ifs,
  author = {Sambin, G.},
  title = {Intuitionistic formal spaces -- a first communication},
  publisher = {Plenum},
  editor = {Skordev, D.},
  booktitle = {Mathematical Logic and its Applications, Proc. Adv. Internat. Summer School Conf., Druzhba, Bulgaria, 1986},
  year = {1987},
  pages = {187--204}}

@article{rinaldi-schuster-wessel:edde,
  author = {Rinaldi, D. and Schuster, P. and Wessel, D.},
  title = {Eliminating disjunctions by disjunction elimination},
  journal = {Indag. Math. (N.S.)},
  volume = {29},
  number = {1},
  pages = {226--259},
  note = {Virtual Special Issue -- L.E.J. Brouwer, fifty years later},
  year = {2018}}

@InCollection{cederquist-coquand:entrel,
  author = {Cederquist, J. and Coquand, Th.},
  title = {Entailment relations and distributive lattices},
  booktitle = {Logic Colloquium '98. Proceedings of the Annual European Summer Meeting of the Association for Symbolic Logic, Prague, Czech Republic, August 9--15, 1998},
  series = {Lect. Notes Log.},
  volume = {13},
  editor = {Buss, S. and Hájek, P. and Pudlák, P.},
  pages = {127--139},
  year = {2000},
  publisher = {A. K. Peters}}

@article{coste-lombardi-roy:dynamical-method,
  author = {Coste, M. and Lombardi, H. and Roy, M.-F.},
  title = {{Dynamical method in algebra: ef{}fective Nullstellensätze}},
  journal = {Ann. Pure Appl. Logic},
  volume = {111},
  number = {3},
  pages = {203--256},
  year = {2001}}

@article{coquand-lombardi:logical-approach,
  author = {Coquand, Th. and Lombardi, H.},
  title = {A logical approach to abstract algebra},
  journal = {Math. Structures Comput. Sci},
  year = {2006},
  volume = {16},
  number = {5},
  pages = {885--900}}

@article{cls:spectral-schemes,
  author = {Coquand, Th. and Lombardi, H. and Schuster, P.},
  title = {Spectral schemes as ringed lattices},
  year = {2009},
  journal = {Ann. Math. Artif. Intell.},
  volume = {56},
  issue = {3-4},
  pages = {339--360}}

@article{cls:projective-spectrum,
  author = {Coquand, Th. and Lombardi, H. and Schuster, P.},
  title = {The projective spectrum as a distributive lattice},
  year = {2007},
  journal = {Cah. Topol. Géom. Différ. Catég.},
  volume = {48},
  number = {3},
  pages = {220--228}}

@article{schuster:formal-zariski,
  author = {Schuster, P.},
  title = {{Formal Zariski topology: positivity and points}},
  journal = {Ann. Pure Appl. Logic},
  volume = {137},
  number = {1},
  pages = {317--359},
  year = {2006}}

@inproceedings{mulvey:repr,
  author = {Mulvey, C.},
  title = {Intuitionistic algebra and representations of rings},
  booktitle = {Recent Advances in the Representation Theory of Rings and $C^*$-algebras by Continuous Sections},
  year = {1974},
  editor = {Hofmann, K. H. and Liukkonen, J. R.},
  series = {Mem. Amer. Math. Soc.},
  volume = {148},
  publisher = {American Mathematical Society},
  pages = {3--57}}

@misc{shulman:stack-semantics,
  author = {Shulman, M.},
  title = {Stack semantics and the comparison of material and structural set theories},
  year = {2010},
  url = {https://arxiv.org/abs/1004.3802}}

@article{aczel:russell-prawitz,
  author = {Aczel, P.},
  title = {{The Russell--Prawitz modality}},
  year = {2001},
  journal = {Math. Structures Comput. Sci},
  volume = {11},
  number = {4},
  pages = {541--554}}

@inproceedings{escardo-oliva:peirce-shift,
  author = {Escardó, M. and Oliva, P.},
  title = {{The Peirce translation and the double negation shift}},
  year = {2010},
  booktitle = {Programs, Proofs, Processes},
  series = {Lecture Notes in Comput. Sci.},
  volume = {6158},
  editor = {Ferreira, F. and Löwe, B. and Mayordomo, E. and Mendes Gomes, L.},
  publisher = {Springer},
  pages = {151--161}}

@article{maietti:modular-correspondence,
  author = {Maietti, M.},
  title = {Modular correspondence between dependent type theories and categories including pretopoi and topoi},
  journal = {Math. Structures Comp. Sci.},
  volume = {15},
  number = {6},
  year = {2005},
  pages = {1089--1149}}

@incollection{crosilla:cst-izf,
  author = {Crosilla, L.},
  title = {Set theory: constructive and intuitionistic {ZF}},
  booktitle = {The Stanford Encyclopedia of Philosophy},
  editor = {Zalta, E.},
  url = {https://plato.stanford.edu/archives/sum2015/entries/set-theory-constructive/},
  year = {2015},
  publisher = {Metaphysics Research Lab, Stanford University}}

@inproceedings{coquand:site,
  author = {Coquand, Th.},
  title = {A completeness proof for geometrical logic},
  booktitle = {Logic, Methodology and Philosophy of Science. Proceedings of the Twelfth International Congress},
  editor = {Hájek, P. and Valdés-Villanueva, L. and Westerståhl, D.},
  pages = {79--90},
  publisher = {King's College Publications},
  year = {2005}}

@book{borceux:handbook3,
  author = {Borceux, F.},
  title = {Handbook of Categorical Algebra: Volume 3, Sheaf Theory},
  series = {Encyclopedia Math. Appl.},
  year = {1994},
  publisher = {Cambridge University Press}}

@misc{shulman:categorical-logic,
  author = {Shulman, M.},
  title = {Categorical logic from a categorical point of view (draft for AARMS Summer School 2016)},
  year = {2016},
  url = {http://mikeshulman.github.io/catlog/catlog.pdf}}

@misc{streicher:ctcl,
  author = {Streicher, T.},
  title = {Introduction to category theory and categorical logic},
  year = {2004},
  url = {https://www.mathematik.tu-darmstadt.de/~streicher/CTCL.pdf}}

@misc{caramello:preliminaries,
  author = {Caramello, O.},
  title = {Topos-theoretic background},
  year = {2014},
  url = {https://www.oliviacaramello.com/Unification/ToposTheoreticPreliminariesOliviaCaramello.pdf}}

@article{lawvere:icm-address,
  author = {Lawvere, F.},
  title = {Quantifiers and sheaves},
  year = {1970},
  journal = {Actes Congrès Intern. Math.},
  volume = {1},
  pages = {329--334}}

@article{ega-4-2,
  author = {Dieudonné, J. and Grothendieck, A.},
  title = {{Éléments de géométrie algébrique: IV. Étude locale des schémas et des morphismes de schémas, Seconde partie}},
  year = {1965},
  volume = {24},
  journal = {Publ. Math. Inst. Hautes Études Sci.}}

@book{matsumura:commutative-ring-theory,
  author = {Matsumura, H.},
  title = {Commutative Ring Theory},
  publisher = {Cambridge University Press},
  year = {1987},
  volume = {8},
  series = {Cambridge Stud. Adv. Math.}}

@misc{staats:generic-freeness,
  author = {Staats, C.},
  title = {Elementary proof of generic freeness},
  year = {2011},
  url = {https://math.uchicago.edu/~cstaats/Charles_Staats_III/Notes_and_papers_files/generic_freeness.pdf}}

@book{eisenbud:commutative-algebra,
  author = {Eisenbud, D.},
  title = {Commutative Algebra with a View Toward Algebraic Geometry},
  series = {Grad. Texts in Math.},
  volume = {150},
  year = {1995},
  publisher = {Springer}}

@misc{stacks-project,
  author = {{The Stacks Project Authors}},
  title = {{Stacks Project}},
  url = {https://stacks.math.columbia.edu/}}

@article{joyal:spectrum,
  author = {Joyal, A.},
  title = {Les théorèmes de Chevalley--Tarski et remarques sur l'algèbre constructive},
  year = {1975},
  journal = {Cah. Topol. Géom. Différ. Catég.},
  volume = {16},
  number = {3},
  pages = {256--258}}

@article{leinster:introduction,
  author = {Leinster, T.},
  title = {An informal introduction to topos theory},
  journal = {Publications of the nLab},
  volume = {1},
  number = {1},
  year = {2011}}

@book{kock:sdg,
  author = {Kock, A.},
  title = {Synthetic Differential Geometry},
  year = {2006},
  publisher = {Cambridge University Press},
  edition = {2},
  series = {London Math Soc. Lecture Note Ser.},
  number = {333}}

@inproceedings{hyland:synthetic-domain-theory,
  author = {Hyland, J. M. E.},
  title = {First steps in synthetic domain theory},
  booktitle = {Proc. of the International Conference held in Como, Italy, 1990},
  year = {1991},
  editor = {Carbonia, A. and Pedicchio, M. and Rosolini, G.},
  series = {Lecture Notes in Math.},
  volume = {1488},
  publisher = {Springer},
  pages = {131--156}}

@inproceedings{bauer:synthetic-computability-theory,
  author = {Bauer, A.},
  title = {First steps in synthetic computability theory},
  booktitle = {Proc. of the 21st Annual Conference on Mathematical Foundations of Programming Semantics},
  year = {2006},
  editor = {Escardó, M. and Jung, A. and Mislove, M.},
  series = {Electron. Notes Theor. Comput. Sci.},
  volume = {155},
  publisher = {Elsevier B.V.},
  pages = {5--31}}

@book{yengui:constructive-commutative-algebra,
  author = {Yengui, I.},
  title = {Constructive Commutative Algebra. Projective Modules Over Polynomial Rings and Dynamical Gröbner Bases},
  year = {2015},
  series = {Lecture Notes in Math.},
  publisher = {Springer}}
